@ARTICLE{Luger2021,
       author = { {Luger}, Rodrigo and {Bedell}, Megan and {Foreman-Mackey}, Daniel and {Crossfield}, Ian J.~M. and {Zhao}, Lily L. and {Hogg}, David W.},
        title = "{Mapping stellar surfaces III: An Efficient, Scalable, and Open-Source Doppler Imaging Model}",
      journal = {arXiv e-prints},
     keywords = {Astrophysics - Solar and Stellar Astrophysics, Astrophysics - Earth and Planetary Astrophysics, Astrophysics - Instrumentation and Methods for Astrophysics},
         year = 2021,
        month = oct,
          eid = {arXiv:2110.06271},
        pages = {arXiv:2110.06271},
archivePrefix = {arXiv},
       eprint = {2110.06271},
 primaryClass = {astro-ph.SR},
       adsurl = {https://ui.adsabs.harvard.edu/abs/2021arXiv211006271L},
      adsnote = {Provided by the SAO/NASA Astrophysics Data System}
}

@ARTICLE{hankla20,
       author = {{Hankla}, Amelia M. and {Jiang}, Yan-Fei and {Armitage}, Philip J.},
        title = "{Local Simulations of Heating Torques on a Luminous Body in an Accretion Disk}",
      journal = {\apj},
     keywords = {Galaxy accretion disks, Protoplanetary disks, Planet formation, Hydrodynamical simulations, Active galactic nuclei, 562, 1300, 1241, 767, 16, Astrophysics - Earth and Planetary Astrophysics, Astrophysics - High Energy Astrophysical Phenomena, Astrophysics - Solar and Stellar Astrophysics},
         year = 2020,
        month = oct,
       volume = {902},
       number = {1},
          eid = {50},
        pages = {50},
          doi = {10.3847/1538-4357/abb4df},
archivePrefix = {arXiv},
       eprint = {2005.03785},
 primaryClass = {astro-ph.EP},
       adsurl = {https://ui.adsabs.harvard.edu/abs/2020ApJ...902...50H},
      adsnote = {Provided by the SAO/NASA Astrophysics Data System}
}

@article{Fung_2017,
    doi = {10.3847/1538-3881/153/3/124},
    url = {https://doi.org/10.3847/1538-3881/153/3/124},
    year = 2017,
    month = {feb},
    publisher = {American Astronomical Society},
    volume = {153},
    number = {3},
    pages = {124},
    author = {Jeffrey Fung and Fr{\'{e}}d{\'{e}}ric Masset and Elena Lega and David Velasco},
    title = {Planetary Torque in 3D Isentropic Disks},
    journal = {The Astronomical Journal},
}

@ARTICLE{hankla20,
       author = {{Hankla}, Amelia M. and {Jiang}, Yan-Fei and {Armitage}, Philip J.},
        title = "{Local Simulations of Heating Torques on a Luminous Body in an Accretion Disk}",
      journal = {\apj},
     keywords = {Galaxy accretion disks, Protoplanetary disks, Planet formation, Hydrodynamical simulations, Active galactic nuclei, 562, 1300, 1241, 767, 16, Astrophysics - Earth and Planetary Astrophysics, Astrophysics - High Energy Astrophysical Phenomena, Astrophysics - Solar and Stellar Astrophysics},
         year = 2020,
        month = oct,
       volume = {902},
       number = {1},
          eid = {50},
        pages = {50},
          doi = {10.3847/1538-4357/abb4df},
archivePrefix = {arXiv},
       eprint = {2005.03785},
 primaryClass = {astro-ph.EP},
       adsurl = {https://ui.adsabs.harvard.edu/abs/2020ApJ...902...50H},
      adsnote = {Provided by the SAO/NASA Astrophysics Data System}
}

@article{Fung_2017,
    doi = {10.3847/1538-3881/153/3/124},
    url = {https://doi.org/10.3847/1538-3881/153/3/124},
    year = 2017,
    month = {feb},
    publisher = {American Astronomical Society},
    volume = {153},
    number = {3},
    pages = {124},
    author = {Jeffrey Fung and Fr{\'{e}}d{\'{e}}ric Masset and Elena Lega and David Velasco},
    title = {Planetary Torque in 3D Isentropic Disks},
    journal = {The Astronomical Journal},
}

% refs for BBHs:
@ARTICLE{YPLi_2022,
       author = {{Li}, Ya-Ping and {Dempsey}, Adam M. and {Li}, Hui and {Li}, Shengtai and {Li}, Jiaru},
        title = "{Hot Circumsingle Disks Drive Binary Black Hole Mergers in Active Galactic Nucleus Disks}",
      journal = {\apjl},
     keywords = {Active galactic nuclei, Black holes, Black hole physics, Gravitational wave sources, Hydrodynamical simulations, Orbital evolution, 16, 162, 159, 677, 767, 1178, Astrophysics - High Energy Astrophysical Phenomena, Astrophysics - Astrophysics of Galaxies},
         year = 2022,
        month = apr,
       volume = {928},
       number = {2},
          eid = {L19},
        pages = {L19},
          doi = {10.3847/2041-8213/ac60fd},
archivePrefix = {arXiv},
       eprint = {2112.11057},
 primaryClass = {astro-ph.HE},
       adsurl = {https://ui.adsabs.harvard.edu/abs/2022ApJ...928L..19L},
      adsnote = {Provided by the SAO/NASA Astrophysics Data System}
}
@ARTICLE{RLi_2022,
       author = {{Li}, Rixin and {Lai}, Dong},
        title = "{Hydrodynamical Evolution of Black-Hole Binaries Embedded in AGN Discs}",
      journal = {arXiv e-prints},
     keywords = {Astrophysics - High Energy Astrophysical Phenomena, Astrophysics - Astrophysics of Galaxies, Astrophysics - Solar and Stellar Astrophysics},
         year = 2022,
        month = feb,
          eid = {arXiv:2202.07633},
        pages = {arXiv:2202.07633},
archivePrefix = {arXiv},
       eprint = {2202.07633},
 primaryClass = {astro-ph.HE},
       adsurl = {https://ui.adsabs.harvard.edu/abs/2022arXiv220207633L},
      adsnote = {Provided by the SAO/NASA Astrophysics Data System}
}
@ARTICLE{DOrazio2021,
       author = {{D'Orazio}, Daniel J. and {Duffell}, Paul C.},
        title = "{Orbital Evolution of Equal-mass Eccentric Binaries due to a Gas Disk: Eccentric Inspirals and Circular Outspirals}",
      journal = {\apjl},
     keywords = {Hydrodynamics, Stellar accretion disks, Binary stars, Gravitational waves, 1963, 1579, 154, 678, Astrophysics - High Energy Astrophysical Phenomena, Astrophysics - Earth and Planetary Astrophysics, Astrophysics - Solar and Stellar Astrophysics},
         year = 2021,
        month = jun,
       volume = {914},
       number = {1},
          eid = {L21},
        pages = {L21},
          doi = {10.3847/2041-8213/ac0621},
archivePrefix = {arXiv},
       eprint = {2103.09251},
 primaryClass = {astro-ph.HE},
       adsurl = {https://ui.adsabs.harvard.edu/abs/2021ApJ...914L..21D},
      adsnote = {Provided by the SAO/NASA Astrophysics Data System}
}
@ARTICLE{Zrake2021,
       author = {{Zrake}, Jonathan and {Tiede}, Christopher and {MacFadyen}, Andrew and {Haiman}, Zolt{\'a}n},
        title = "{Equilibrium Eccentricity of Accreting Binaries}",
      journal = {\apjl},
     keywords = {Eccentricity, Binary stars, Astrophysical black holes, Gravitational wave sources, Hydrodynamical simulations, 441, 154, 98, 677, 767, Astrophysics - High Energy Astrophysical Phenomena},
         year = 2021,
        month = mar,
       volume = {909},
       number = {1},
          eid = {L13},
        pages = {L13},
          doi = {10.3847/2041-8213/abdd1c},
archivePrefix = {arXiv},
       eprint = {2010.09707},
 primaryClass = {astro-ph.HE},
       adsurl = {https://ui.adsabs.harvard.edu/abs/2021ApJ...909L..13Z},
      adsnote = {Provided by the SAO/NASA Astrophysics Data System}
}
@ARTICLE{Duffell2020,
       author = {{Duffell}, Paul C. and {D'Orazio}, Daniel and {Derdzinski}, Andrea and {Haiman}, Zoltan and {MacFadyen}, Andrew and {Rosen}, Anna L. and {Zrake}, Jonathan},
        title = "{Circumbinary Disks: Accretion and Torque as a Function of Mass Ratio and Disk Viscosity}",
      journal = {\apj},
     keywords = {Galaxy mergers, Quasars, Supermassive black holes, Black holes, Circumstellar disks, Galaxy accretion disks, Binary stars, Active galactic nuclei, Wide binary stars, Astrophysical fluid dynamics, Close binary stars, Shocks, 608, 1319, 1663, 162, 235, 562, 154, 16, 1801, 101, 254, 2086, Astrophysics - Solar and Stellar Astrophysics, Astrophysics - Earth and Planetary Astrophysics, Astrophysics - Astrophysics of Galaxies, Astrophysics - High Energy Astrophysical Phenomena},
         year = 2020,
        month = sep,
       volume = {901},
       number = {1},
          eid = {25},
        pages = {25},
          doi = {10.3847/1538-4357/abab95},
archivePrefix = {arXiv},
       eprint = {1911.05506},
 primaryClass = {astro-ph.SR},
       adsurl = {https://ui.adsabs.harvard.edu/abs/2020ApJ...901...25D},
      adsnote = {Provided by the SAO/NASA Astrophysics Data System}
}
@ARTICLE{Munoz2019,
       author = {{Mu{\~n}oz}, Diego J. and {Miranda}, Ryan and {Lai}, Dong},
        title = "{Hydrodynamics of Circumbinary Accretion: Angular Momentum Transfer and Binary Orbital Evolution}",
      journal = {\apj},
     keywords = {accretion, accretion disks, binaries: general, black hole physics, stars: pre-main sequence, Astrophysics - High Energy Astrophysical Phenomena, Astrophysics - Earth and Planetary Astrophysics},
         year = 2019,
        month = jan,
       volume = {871},
       number = {1},
          eid = {84},
        pages = {84},
          doi = {10.3847/1538-4357/aaf867},
archivePrefix = {arXiv},
       eprint = {1810.04676},
 primaryClass = {astro-ph.HE},
       adsurl = {https://ui.adsabs.harvard.edu/abs/2019ApJ...871...84M},
      adsnote = {Provided by the SAO/NASA Astrophysics Data System}
}
@ARTICLE{YPLi2021,
       author = {{Li}, Ya-Ping and {Dempsey}, Adam M. and {Li}, Shengtai and {Li}, Hui and {Li}, Jiaru},
        title = "{Orbital Evolution of Binary Black Holes in Active Galactic Nucleus Disks: A Disk Channel for Binary Black Hole Mergers?}",
      journal = {\apj},
     keywords = {Active galactic nuclei, Black holes, Black hole physics, Gravitational wave sources, Hydrodynamical simulations, 16, 162, 159, 677, 767, Astrophysics - High Energy Astrophysical Phenomena},
         year = 2021,
        month = apr,
       volume = {911},
       number = {2},
          eid = {124},
        pages = {124},
          doi = {10.3847/1538-4357/abed48},
archivePrefix = {arXiv},
       eprint = {2101.09406},
 primaryClass = {astro-ph.HE},
       adsurl = {https://ui.adsabs.harvard.edu/abs/2021ApJ...911..124L},
      adsnote = {Provided by the SAO/NASA Astrophysics Data System}
}
@ARTICLE{Dempsey2022,
       author = {{Dempsey}, Adam M. and {Li}, Hui and {Mishra}, Bhupendra and {Li}, Shengtai},
        title = "{Contracting and Expanding Binary Black Holes in 3D Low-Mass AGN Disks: The Importance of Separation}",
      journal = {arXiv e-prints},
     keywords = {Astrophysics - High Energy Astrophysical Phenomena, Astrophysics - Earth and Planetary Astrophysics, Astrophysics - Astrophysics of Galaxies},
         year = 2022,
        month = mar,
          eid = {arXiv:2203.06534},
        pages = {arXiv:2203.06534},
archivePrefix = {arXiv},
       eprint = {2203.06534},
 primaryClass = {astro-ph.HE},
       adsurl = {https://ui.adsabs.harvard.edu/abs/2022arXiv220306534D},
      adsnote = {Provided by the SAO/NASA Astrophysics Data System}
}

@ARTICLE{Tiede2020,
       author = {{Tiede}, Christopher and {Zrake}, Jonathan and {MacFadyen}, Andrew and {Haiman}, Zoltan},
        title = "{Gas-driven Inspiral of Binaries in Thin Accretion Disks}",
      journal = {\apj},
     keywords = {Supermassive black holes, Hydrodynamical simulations, Galaxy accretion disks, Accretion, Gravitational waves, Compact objects, 1663, 767, 562, 14, 678, 288, Astrophysics - Astrophysics of Galaxies},
         year = 2020,
        month = sep,
       volume = {900},
       number = {1},
          eid = {43},
        pages = {43},
          doi = {10.3847/1538-4357/aba432},
archivePrefix = {arXiv},
       eprint = {2005.09555},
 primaryClass = {astro-ph.GA},
       adsurl = {https://ui.adsabs.harvard.edu/abs/2020ApJ...900...43T},
      adsnote = {Provided by the SAO/NASA Astrophysics Data System}
}

@ARTICLE{Derdzinski2019,
       author = {{Derdzinski}, A.~M. and {D'Orazio}, D. and {Duffell}, P. and {Haiman}, Z. and {MacFadyen}, A.},
        title = "{Probing gas disc physics with LISA: simulations of an intermediate mass ratio inspiral in an accretion disc}",
      journal = {\mnras},
     keywords = {accretion, accretion discs, black hole physics, gravitational waves, hydrodynamics, Astrophysics - High Energy Astrophysical Phenomena},
         year = 2019,
        month = jun,
       volume = {486},
       number = {2},
        pages = {2754-2765},
          doi = {10.1093/mnras/stz1026},
archivePrefix = {arXiv},
       eprint = {1810.03623},
 primaryClass = {astro-ph.HE},
       adsurl = {https://ui.adsabs.harvard.edu/abs/2019MNRAS.486.2754D},
      adsnote = {Provided by the SAO/NASA Astrophysics Data System}
}

@ARTICLE{Baruteau2011,
       author = {{Baruteau}, C. and {Cuadra}, J. and {Lin}, D.~N.~C.},
        title = "{Binaries Migrating in a Gaseous Disk: Where are the Galactic Center Binaries?}",
      journal = {\apj},
     keywords = {accretion, accretion disks, binaries: general, Galaxy: center, hydrodynamics, methods: numerical, Astrophysics - Astrophysics of Galaxies, Astrophysics - Earth and Planetary Astrophysics, Astrophysics - Solar and Stellar Astrophysics},
         year = 2011,
        month = jan,
       volume = {726},
       number = {1},
          eid = {28},
        pages = {28},
          doi = {10.1088/0004-637X/726/1/28},
archivePrefix = {arXiv},
       eprint = {1011.0360},
 primaryClass = {astro-ph.GA},
       adsurl = {https://ui.adsabs.harvard.edu/abs/2011ApJ...726...28B},
      adsnote = {Provided by the SAO/NASA Astrophysics Data System}
}


